@Article{Nesterov2005,
  author    = {Yurii E. Nesterov},
  journal   = {Math. Program.},
  title     = {Smooth minimization of non-smooth functions},
  year      = {2005},
  number    = {1},
  pages     = {127--152},
  volume    = {103},
  bibsource = {dblp computer science bibliography, https://dblp.org},
  biburl    = {https://dblp.org/rec/journals/mp/Nesterov05.bib},
  doi       = {10.1007/S10107-004-0552-5},
}

@Article{Dedieu2022,
  author    = {Antoine Dedieu and Rahul Mazumder and Haoyue Wang},
  journal   = {J. Mach. Learn. Res.},
  title     = {Solving L1-regularized SVMs and Related Linear Programs: Revisiting the Effectiveness of Column and Constraint Generation},
  year      = {2022},
  pages     = {164:1--164:41},
  volume    = {23},
  bibsource = {dblp computer science bibliography, https://dblp.org},
  biburl    = {https://dblp.org/rec/journals/jmlr/DedieuMW22.bib},
  url       = {http://jmlr.org/papers/v23/19-104.html},
}

@Comment{jabref-meta: databaseType:bibtex;}
